<?xml version="1.0" encoding="UTF-8"?><collection xmlns="http://www.loc.gov/MARC21/slim"><record><leader>00406nam--2200145-i-4500</leader><controlfield tag="001">000034968</controlfield><controlfield tag="002">20161230</controlfield><controlfield tag="005">20161230201040</controlfield><controlfield tag="008">060222s1000------------r-----000-0-eng-d</controlfield><datafield ind1=" " ind2=" " tag="080"><subfield code="a">537.8</subfield></datafield><datafield ind1=" " ind2=" " tag="100"><subfield code="a">Narayana, Rao Nannapaneni</subfield></datafield><datafield ind1=" " ind2=" " tag="245"><subfield code="a">Basic electromagnetice with applications</subfield></datafield><datafield ind1=" " ind2=" " tag="260"><subfield code="a">Englewood Cliffs, N.J.Prentice-hall, 1972. Xi + 563p</subfield></datafield><datafield ind1=" " ind2=" " tag="490"><subfield code="a">Microwaves And Fields Series</subfield></datafield><datafield ind1=" " ind2=" " tag="852"><subfield code="a">41278</subfield></datafield></record></collection>